<record><leader>00000cas a22000007a 4500</leader><controlfield tag="001">24918379</controlfield><controlfield tag="008">911209d19891989ohuwr ne      0    0eng d</controlfield><datafield ind1=" " ind2=" " tag="010"><subfield code="a">sn 91074650 </subfield></datafield><datafield ind1=" " ind2=" " tag="040"><subfield code="a">ONP</subfield><subfield code="b">eng</subfield><subfield code="c">ONP</subfield><subfield code="d">OCLCQ</subfield></datafield><datafield ind1=" " ind2=" " tag="042"><subfield code="a">msc</subfield></datafield><datafield ind1="0" ind2="4" tag="245"><subfield code="a">The Hometowner.</subfield></datafield><datafield ind1=" " ind2=" " tag="260"><subfield code="a">Waldo, Ohio :</subfield><subfield code="b">Kristy Bender,</subfield><subfield code="c">1989.</subfield></datafield><datafield ind1=" " ind2=" " tag="300"><subfield code="a">v.</subfield></datafield><datafield ind1=" " ind2=" " tag="310"><subfield code="a">Weekly</subfield></datafield><datafield ind1="0" ind2=" " tag="362"><subfield code="a">Vol. 1, no. 1 (June 15, 1989)-v. 2, no. 10 (Dec. 19, 1989).</subfield></datafield><datafield ind1=" " ind2=" " tag="500"><subfield code="a">No issues printed between Aug. 24-Oct. 10, 1989.</subfield></datafield><datafield ind1=" " ind2=" " tag="752"><subfield code="a">United States</subfield><subfield code="b">Ohio</subfield><subfield code="c">Marion</subfield><subfield code="d">Waldo.</subfield></datafield></record>